@inproceedings{Chellapilla:2006:CMC,
 author = {Chellapilla, Kumar and Shilman, Michael and Simard, Patrice},
 title = {Combining multiple classifiers for faster optical character recognition},
 booktitle = {Proceedings of the 7th international conference on Document Analysis Systems},
 series = {DAS'06},
 year = {2006},
 isbn = {3-540-32140-3, 978-3-540-32140-8},
 location = {Nelson, New Zealand},
 pages = {358--367},
 numpages = {10},
 url = {http://dx.doi.org/10.1007/11669487_32},
 doi = {10.1007/11669487_32},
 acmid = {2180216},
 publisher = {Springer-Verlag},
 address = {Berlin, Heidelberg},
}

@InCollection{Liu:2008:CLMCR,
  year={2008},
  isbn={978-3-540-76279-9},
  booktitle={Machine Learning in Document Analysis and Recognition},
  volume={90},
  series={Studies in Computational Intelligence},
  editor={Marinai, Simone and Fujisawa, Hiromichi},
  doi={10.1007/978-3-540-76280-5_6},
  title={Classification and Learning Methods for Character Recognition: Advances and Remaining Problems},
  url={http://dx.doi.org/10.1007/978-3-540-76280-5_6},
  publisher={Springer Berlin Heidelberg},
  author={Liu, Cheng-Lin and Fujisawa, Hiromichi},
  pages={139-161},
}

@article{Liu:2002:PEPC,
  year={2002},
  issn={1433-2833},
  journal={International Journal on Document Analysis and Recognition},
  volume={4},
  number={3},
  doi={10.1007/s100320200076},
  title={Performance evaluation of pattern classifiers for handwritten character recognition},
  url={http://dx.doi.org/10.1007/s100320200076},
  publisher={Springer-Verlag},
  keywords={Key words:Handwritten character recognition – Pattern classification – Outlier rejection – Statistical classifiers – Neural networks – Discriminative learning – Handwritten digit recognition},
  author={Liu, Cheng-Lin and Sako, Hiroshi and Fujisawa, Hiromichi},
  pages={191-204},
  language={English},
}

@INPROCEEDINGS{Yu:1995:LTinCCI,
  author={Yu Zhong and Karu, K. and Jain, A.K.},
  booktitle={Document Analysis and Recognition, 1995., Proceedings of the Third International Conference on},
  title={Locating text in complex color images},
  year={1995},
  volume={1},
  pages={146-149 vol.1},
  doi={10.1109/ICDAR.1995.598963},
}

@techreport{Keerthi:2007:CRFvsSVM,
  author = {Sathiya Keerthi},
  citeulike-article-id = {7511605},
  institution = {Yahoo Research},
  keywords = {bibliot-11-08-07},
  posted-at = {2010-07-19 10:35:37},
  priority = {2},
  title = {CRF versus SVM-Struct for Sequence Labeling},
  year = {2007},
}

@ARTICLE{Li:2000:ATDandTDV,
  author={Li, Huiping and Doermann, D. and Kia, O.},
  journal={Image Processing, IEEE Transactions on},
  title={Automatic text detection and tracking in digital video},
  year={2000},
  volume={9},
  number={1},
  pages={147-156},
  doi={10.1109/83.817607},
  ISSN={1057-7149},
}

@INPROCEEDINGS{McCallum:1998:CEMforNBTC,
  author = {Andrew McCallum and Kamal Nigam},
  title = {A comparison of event models for Naive Bayes text classification},
  booktitle = {In AAAI-98 Workshop on learning for text categorization},
  year = {1998},
  pages = {41--48},
  publisher = {AAAI Press},
}

@ARTICLE{Wu:1999:Textfinder,
  author={Wu, V. and Manmatha, R. and Riseman, E.M.},
  journal={Pattern Analysis and Machine Intelligence, IEEE Transactions on},
  title={Textfinder: an automatic system to detect and recognize text in images},
  year={1999},
  volume={21},
  number={11},
  pages={1224-1229},
  doi={10.1109/34.809116},
  ISSN={0162-8828},
}

@inproceedings{Wu:1997:FTI,
 author = {Wu, Victor and Manmatha, R. and Riseman, Edward M.},
 title = {Finding text in images},
 booktitle = {Proceedings of the second ACM international conference on Digital libraries},
 series = {DL '97},
 year = {1997},
 isbn = {0-89791-868-1},
 location = {Philadelphia, Pennsylvania, USA},
 pages = {3--12},
 numpages = {10},
 url = {http://doi.acm.org/10.1145/263690.263766},
 doi = {10.1145/263690.263766},
 acmid = {263766},
 publisher = {ACM},
 address = {New York, NY, USA},
}

@article{Breiman:2001:RF,
 author = {Breiman, Leo},
 title = {Random Forests},
 journal = {Machine Learning},
 issue_date = {October 1 2001},
 volume = {45},
 number = {1},
 month = oct,
 year = {2001},
 issn = {0885-6125},
 pages = {5--32},
 numpages = {28},
 url = {http://dx.doi.org/10.1023/A:1010933404324},
 doi = {10.1023/A:1010933404324},
 acmid = {570182},
 publisher = {Kluwer Academic Publishers},
 address = {Hingham, MA, USA},
}

@inproceedings{Smith:2007:OofTesseO,
 author = {Smith, R.},
 title = {An Overview of the Tesseract OCR Engine},
 booktitle = {Proceedings of the Ninth International Conference on Document Analysis and Recognition - Volume 02},
 series = {ICDAR '07},
 year = {2007},
 isbn = {0-7695-2822-8},
 pages = {629--633},
 numpages = {5},
 url = {http://dl.acm.org/citation.cfm?id=1304596.1304846},
 acmid = {1304846},
 publisher = {IEEE Computer Society},
 address = {Washington, DC, USA},
}
@article{Biggio:2007:ISFusingVI,
  author = {Battista Biggio and Giorgio Fumera and Ignazio Pillai and Fabio Roli},
  title = {Image Spam Filtering Using Visual Information},
  journal ={Image Analysis and Processing, International Conference on},
  volume = {0},
  isbn = {0-7695-2877-5},
  year = {2007},
  pages = {105-110},
  doi = {http://doi.ieeecomputersociety.org/10.1109/ICIAP.2007.79},
  publisher = {IEEE Computer Society},
  address = {Los Alamitos, CA, USA},
}

@incollection{Presti:2011:IAP,
  year={2011},
  isbn={978-3-642-24084-3},
  booktitle={Image Analysis and Processing – ICIAP 2011},
  volume={6978},
  series={Lecture Notes in Computer Science},
  editor={Maino, Giuseppe and Foresti, GianLuca},
  doi={10.1007/978-3-642-24085-0_63},
  title={Entropy-Based Localization of Textured Regions},
  url={http://dx.doi.org/10.1007/978-3-642-24085-0_63},
  publisher={Springer Berlin Heidelberg},
  author={Lo Presti, Liliana and Cascia, Marco},
  pages={616-625},
}

@book{Cormen:2001:IA,
 author = {Cormen, Thomas H. and Stein, Clifford and Rivest, Ronald L. and Leiserson, Charles E.},
 title = {Introduction to Algorithms},
 year = {2001},
 isbn = {0070131511},
 edition = {2nd},
 publisher = {McGraw-Hill Higher Education},
}

@book{Wayne:2011:Alg,
 author = {Robert Sedgewick and Kevin Wayne},
 title = {Algorithms},
 year = {2011},
 isbn = {032157351X},
 edition = {4th},
 publisher = {Addison-Wesley Professional},
}

@book{Bishop:2006:PRandML,
 author = {Christopher M. Bishop},
 title = {Pattern Recognition and Machine Learning},
 year = {2006},
 isbn = {9780387310732},
 edition = {1st},
 publisher = {Springer},
}

@book{Sonka:2007:IPA,
 author = {Sonka, Milan and Hlavac, Vaclav and Boyle, Roger},
 title = {Image Processing, Analysis, and Machine Vision},
 year = {2007},
 isbn = {049508252X},
 publisher = {Thomson-Engineering},
}

@book{Norman:2011:TARP,
 author = {Norman Matloff},
 title = {The art of R programming tour of statistical software design},
 year = {2011},
 isbn = {1593273843},
 publisher = {No Starch Press},
}

@article{Sasha:2007:EEIinMWN,
  author = {Sasha Dekleva, J. P. Shim, Upkar Varshney and Geoffrey Knoerzer},
  title = {Evolution and Emerging Issues in Mobile Wireless Networks},
  journal ={Communications of the ACM, International Conference on},
  volume = {0},
  isbn = {0-7695-2877-5},
  year = {2007},
  pages = {105-110},
  doi = {http://doi.ieeecomputersociety.org/10.1109/ICIAP.2007.79},
  publisher = {IEEE Computer Society},
  address = {Los Alamitos, CA, USA},
}

@InProceedings{Berman:2003:GCM,
	author = {Tony Hey and Anne Trefethen},
	title = {The data deluge: an e-Science perspective},
	booktitle = {Grid Computing: Making the Global Infrastructure a Reality},
	pages = {809 - 824},
	editor = {Fran Berman, Geoffrey Fox and Tony Hey},
	OPTseries = {Wiley Series in Communications Networking \& Distributed Systems},
	OPTaddress = {New York, NY, USA},
	OPTpublisher = {John Wiley \& Sons, Inc.},
	year = {2003},
}

@techreport{Frankel:1996:WIS,
 author = {Frankel, Charles and Swain, Michael J and Athitsos, Vassilis},
 title = {WebSeer: An Image Search Engine for the World Wide Web},
 year = {1996},
 source = {\url{http://www.ncstrl.org:8900/ncstrl/servlet/search?formname=detail\&id=oai%3Ancstrlh%3Achicago_cs%3ACHICAGO_CS%2F%2FTR-96-14}},
 publisher = {University of Chicago},
 address = {Chicago, IL, USA}
}

@ARTICLE{Jain00statisticalpattern,
  author = {Anil K. Jain and Robert P. W. Duin and Jianchang Mao},
  title = {Statistical pattern recognition: A review},
  journal = {IEEE Transactions on pattern analysis and machine intelligence},
  year = {2000},
  volume = {22},
  number = {1},
  pages = {4--37},
}

@INPROCEEDINGS{Rabiner89atutorial,
  author = {Lawrence R. Rabiner},
  title = {A tutorial on hidden markov models and selected applications in speech recognition},
  booktitle = {Proceedings of the IEEE},
  year = {1989},
  pages = {257--286},
}

@ONLINE{NoSQLes:Online,
	author = {MegaSonik},
	title = {NoSQL.es},
	month = {Abril},
	year = {2010},
	howpublished = {\url{http://www.nosql.es/blog}}
}

@misc{MTC:MDCTACC,
	author = {Ministerio de Transportes y Comunicaciones - Perú},
	title = {Manual de Dispositivos de Control de Tránsito Automotor para Calles y Carreteras},
	howpublished = {\url{http://www.mtc.gob.pe/portal/transportes/caminos_ferro/manual/Transito/index.htm}},
	year = {2000}
}


@article{Due:1996:FEMforCR,
  title = {Feature extraction methods for character recognition-A survey},
  journal = {Pattern Recognition},
  volume = {29},
  number = {4},
  pages = {641 - 662},
  year = {1996},
  issn = {0031-3203},
  doi = {10.1016/0031-3203(95)00118-2},
  url = {http://www.sciencedirect.com/science/article/pii/0031320395001182},
	author = {Øivind Due Trier and Anil K. Jain and Torfinn Taxt},
	keywords = {Feature extraction},
	keywords = {Optical character recognition},
	keywords = {Character representation},
	keywords = {Invariance},
	keywords = {Reconstructability}
}

@inproceedings{Miller:2007:GTS,
 author = {Miller, Andrew D. and Edwards, W. Keith},
 title = {Give and take: a study of consumer photo-sharing culture and practice},
 booktitle = {Proceedings of the SIGCHI Conference on Human Factors in Computing Systems},
 series = {CHI '07},
 year = {2007},
 isbn = {978-1-59593-593-9},
 location = {San Jose, California, USA},
 pages = {347--356},
 numpages = {10},
 url = {http://doi.acm.org/10.1145/1240624.1240682},
 doi = {10.1145/1240624.1240682},
 acmid = {1240682},
 publisher = {ACM},
 address = {New York, NY, USA}
}

@article{Moore:1965:CCIC,
  author = {Moore, Gordon E.},
  journal = {Electronics},
  month = {April},
  number = 8,
  title = {Cramming more components onto integrated circuits},
  volume = 38,
  year = 1965
}

@article{Ruby:1981:STP,
  author = {Jay Ruby},
  citeulike-article-id = {572186},
  journal = {Camera Lucida: The Journal of Photographic Criticism},
  keywords = {photography},
  pages = {19--32},
  posted-at = {2006-03-31 23:58:33},
  priority = {0},
  title = {Seeing Through Pictures: The Anthropology of Photography},
  volume = {3},
  year = {1981},
}


@misc{Myhrvold:2006:MLCPP,
	author = {Nathan Myhrvold},
	title = {Moore's Law Corollary: Pixel Power},
	howpublished = {\url{http://www.nytimes.com/2006/06/07/technology/circuits/07essay.html?_r=1}},
	year = {2006},
}

@misc{Fraser:2011:PTS,
	author = {Adam Fraser},
	title = {Photo taking and sharing. Who does it?},
	howpublished = {\url{http://conversations.nokia.com/2011/05/31/photo-taking-and-sharing-who-does-it/}},
	year = {2011},
}

@misc{Edelman:1997:CaE,
  author = {Susan Edelman},
	title = {Curiosity and Exploration},
	howpublished = {\url{http://www.csun.edu/~vcpsy00h/students/explore.htm}},
	publisher = {California State University, Northridge},
  address = {Northridge, CA, USA},
	year = {1997},
}

@article{Stewart:1979:CaK,
  title = "Curiosity and Knowledge",
  journal = "Psychological Reports",
  volume = "45",
  number = "2",
  pages = "639 - 642",
  year = "1979",
  note = "",
  author = "R. Stewart Jones",
}

@article{Lywood:1957:CaC,
  title = "Curiosity and Culture",
  journal = "The Mathematics Teacher",
  volume = "50",
  number = "5",
  pages = "361 - 373",
  year = "1957",
  note = "",
  author = "F. Lywood Wren",
  publisher = "National Council of Teachers of Mathematics",
}

@article{Lee:1992:MNST,
  title = "Measuring novelty seeking in tourism",
  journal = "Annals of Tourism Research ",
  volume = "19",
  number = "4",
  pages = "732 - 751",
  year = "1992",
  note = "",
  issn = "0160-7383",
  doi = "http://dx.doi.org/10.1016/0160-7383(92)90064-V",
  url = "http://www.sciencedirect.com/science/article/pii/016073839290064V",
  author = "Tae-Hee Lee and John Crompton",
}

@article{Baz:2009:DM,
  title = "Dispositivos móviles",
  year = "2009",
  note = "",
  author = {Arturo Baz Alonso, Irene Ferreira Artime, María Álvarez Rodríguez and Rosana García Baniello},
  publisher = {Universidad de Oviedo},
  address = {Oviedo, Asturias, España},
}

@book{Mejia:2005:MIC,
  title = "Metodología de la Investigación Científica",
  year = "2005",
  author = "Elías Mejía Mejía",
  publisher = {Universidad Nacional Mayor de San Marcos},
  address = {Lima, Perú},
  edition = {1st},
  isbn = {9972462854},
}

@book{Hernandez:1999:MI,
  author = {Roberto Hernández Sampieri, Carlos Fernández Collado y Pilar Baptista Lucio},
  title = {Metodología de la Investigación},
  year = {1999},
  isbn = {9701018990},
  edition = {2nd},
  publisher = {McGraw-Hill Interamericana},
}

@article{Kumar:2013:NNforRT,
	author = {Gaurav Kumar and Pradeep Kumar Bhatia},
	title = {Article: Neural Network based Approach for Recognition of Text Images},
	journal = {International Journal of Computer Applications},
	year = {2013},
	volume = {62},
	number = {14},
	pages = {8-13},
	month = {January},
	note = {Published by Foundation of Computer Science, New York, USA}
}

@article{Misra:2012:TEandR,
	author = {C. Misra and P. K. Swain and J. K. Mantri},
	title = {Article: Text Extraction and Recognition from Image using Neural Network},
	journal = {International Journal of Computer Applications},
	year = {2012},
	volume = {40},
	number = {2},
	pages = {13-19},
	month = {February},
	note = {Published by Foundation of Computer Science, New York, USA}
}

@INPROCEEDINGS{Chen:2009:LPTLusingDWT,
author={Tianding Chen},
booktitle={Granular Computing, 2009, GRC '09. IEEE International Conference on},
title={License plate text localization using DWT and neural network},
year={2009},
pages={73-77},
doi={10.1109/GRC.2009.5255154}
}

@inproceedings{Kwasnicka:2002:LPLandR,
  title={License plate localization and recognition in camera pictures},
  author={Kwa{\'s}nicka, Halina and Wawrzyniak, Bartosz},
  booktitle={3rd Symposium on Methods of Artificial Intelligence},
  year={2002},
}

@INPROCEEDINGS{Wanniarachchi:2007:LPIbasedIPT,
author={Wanniarachchi, W. and Sonnadara, D. U J and Jayananda, M. K.},
booktitle={Industrial and Information Systems, 2007. ICIIS 2007. International Conference on},
title={License plate identification based on image processing techniques},
year={2007},
pages={373-378},
keywords={image recognition;public administration;automatic toll collection;digit recognition;digitized photographic images;image processing;image raster;license plate identification;traffic law enforcement;Automatic control;Character recognition;Control systems;Image processing;Image recognition;Law enforcement;Licenses;Security;Testing;Vehicles},
doi={10.1109/ICIINFS.2007.4579205}
}

@MastersThesis{Tatiane:2001:RCAP,
author = {Tatiane Jesus de Campos},
title = {Reconhecimento de Caracteres Alfanuméricos de Placas em Imagens de Veículos},
school = {Universidade Federal do Rio Grande do Sul - Instituto de Informática},
year = {2001}
}

@article{Heil:1989:C&DWT,
author = {Heil, C and Walnut, D},
doi = {10.1137/1031129},
journal = {SIAM Review},
number = {4},
pages = {628--666},
title = {{Continuous and Discrete Wavelet Transforms}},
url = {http://epubs.siam.org/doi/abs/10.1137/1031129},
volume = {31},
year = {1989}
}

@book{Burrus:1998:ItoW,
  title={Introduction to wavelets and wavelet transforms: a primer},
  author={Burrus, C Sidney and Gopinath, Ramesh A and Guo, Haitao and Odegard, Jan E and Selesnick, Ivan W},
  volume={23},
  year={1998},
  publisher={Prentice hall Upper Saddle River}
}

@book{Marques:1999:Equalizacao,
  title={Processamento digital de imagens},
  author={Marques Filho, Og{\^e} and Neto, Hugo Vieira},
  year={1999},
  pages={61-64},
  publisher={Brasport}
}

@book{Gonzalez:2002:DIP,
  title={Digital Image Processing: Introduction},
  author={Gonzalez, Rafael C and Woods, Richard E},
  publisher={Prentice Hall},
  year={2002}
}

@article{Li:2010:CRFforTS,
  title = "Conditional random field for text segmentation from images with complex background ",
  author = "Minhua Li and Meng Bai and Chunheng Wang and Baihua Xiao",
  journal = "Pattern Recognition Letters ",
  volume = "31",
  number = "14",
  pages = "2295 - 2308",
  year = "2010",
  note = "",
  issn = "0167-8655",  
}

@INPROCEEDINGS{Song:2008:ITEbasedKMC,
  author={Yan Song and Anan Liu and Lin Pang and Shouxun Lin and Yongdong Zhang and Sheng Tang},
  booktitle={Computer and Information Science, 2008. ICIS 08. Seventh IEEE/ACIS International Conference on},
  title={A Novel Image Text Extraction Method Based on K-Means Clustering},
  year={2008},
  pages={185-190},
}

@article{Moller:1993:ScaledGD,
  title={A scaled conjugate gradient algorithm for fast supervised learning},
  author={M{\o}ller, Martin Fodslette},
  journal={Neural networks},
  volume={6},
  number={4},
  pages={525--533},
  year={1993},
  publisher={Elsevier}
}

@article{Demirkaya:2004:DIBthreshold,
title = "Determination of image bimodality thresholds for different intensity distributions ",
journal = "Signal Processing: Image Communication ",
volume = "19",
number = "6",
pages = "507 - 516",
year = "2004",
note = "",
issn = "0923-5965",
author = "Omer Demirkaya and Musa H. Asyali",
}

@article{Otsu:1979:Threshold,
  title={A Threshold Selection Method from Gray-Level Histogram},
  author={OTSU, N},
  journal={IEEE Trans. on Systems, Man, and Cybernetics},
  volume={9},
  pages={62--66},
  year={1979}
}

@article{Sezgin:2004:Survey,
  title={Survey over image thresholding techniques and quantitative performance evaluation},
  author={Sezgin, Mehmet and others},
  journal={Journal of Electronic imaging},
  volume={13},
  number={1},
  pages={146--168},
  year={2004},
  publisher={International Society for Optics and Photonics}
}

@book{Niblack:1985:IDI,
 author = {Niblack, Wayne},
 title = {An Introduction to Digital Image Processing},
 year = {1985},
 isbn = {87-872-0055-4},
 publisher = {Strandberg Publishing Company},
 address = {Birkeroed, Denmark, Denmark},
}

@inproceedings{Bernsen:1986:DTofGI,
  title={Dynamic thresholding of grey-level images},
  author={Bernsen, John},
  booktitle={Proc. 8th ICPR},
  volume={1},
  pages={252--255},
  year={1986}
}

@article{Zack:1977:AMofSCRF,
  title={Automatic measurement of sister chromatid exchange frequency.},
  author={Zack, GW and Rogers, WE and Latt, SA},
  journal={Journal of Histochemistry \& Cytochemistry},
  volume={25},
  number={7},
  pages={741--753},
  year={1977},
  publisher={SAGE Publications}
}

@article{McCulloch:1943:TBofMB,
  year={1943},
  issn={0007-4985},
  journal={The bulletin of mathematical biophysics},
  volume={5},
  number={4},
  doi={10.1007/BF02478259},
  title={A logical calculus of the ideas immanent in nervous activity},
  url={http://dx.doi.org/10.1007/BF02478259},
  publisher={Kluwer Academic Publishers},
  author={McCulloch, WarrenS. and Pitts, Walter},
  pages={115-133},
  language={English}
}

@incollection{Han:1995:TIofSF,
  year={1995},
  isbn={978-3-540-59497-0},
  booktitle={From Natural to Artificial Neural Computation},
  volume={930},
  series={Lecture Notes in Computer Science},
  editor={Mira, José and Sandoval, Francisco},
  doi={10.1007/3-540-59497-3_175},
  title={The influence of the sigmoid function parameters on the speed of backpropagation learning},
  url={http://dx.doi.org/10.1007/3-540-59497-3_175},
  publisher={Springer Berlin Heidelberg},
  author={Han, Jun and Moraga, Claudio},
  pages={195-201}
}

@article{Venugopal:1994:NNforMR,
  title={Neural networks and statistical techniques in marketing research: A conceptual comparison},
  author={Venugopal, Venu and Baets, W},
  journal={Marketing Intelligence \& Planning},
  volume={12},
  number={7},
  pages={30--38},
  year={1994},
  publisher={MCB UP Ltd}
}

﻿@article{Ackley:1985:LAforBM,
  author = {Ackley, David H. and Hinton, Geoffrey E. and Sejnowski, Terrence J.},
  title = {A Learning algorithm for Boltzmann Machines},
  journal = {Cognitive Science},
  volume = {9},
  number = {1},
  publisher = {Lawrence Erlbaum Associates, Inc.},
  issn = {1551-6709},
  url = {http://dx.doi.org/10.1207/s15516709cog0901_7},
  doi = {10.1207/s15516709cog0901_7},
  pages = {147--169},
  year = {1985}
}

@article{Jain:1996:ANN-AT,
  title={Artificial neural networks: A tutorial},
  author={Jain, Anil K and Mao, Jianchang and Mohiuddin, K Moidin},
  journal={Computer},
  volume={29},
  number={3},
  pages={31--44},
  year={1996},
  publisher={IEEE}
}

@book{Webb:2003:SPR,
  title={Statistical pattern recognition},
  author={Webb, Andrew R},
  year={2003},
  publisher={Wiley. com}
}

@incollection{DIP:2008:RinBI,
  year={2008},
  isbn={978-1-84628-379-6},
  booktitle={Digital Image Processing},
  series={Texts in Computer Science},
  doi={10.1007/978-1-84628-968-2_11},
  title={Regions in Binary Images},
  url={http://dx.doi.org/10.1007/978-1-84628-968-2_11},
  publisher={Springer London},
	pages={199-237}
}

@misc{SVD:web,
  title = {Singular Value Decomposition (SVD) tutorial},
  howpublished = {\url{http://web.mit.edu/be.400/www/SVD/Singular_Value_Decomposition.htm}},
  note = {Accessed: 2013-12-01}
}

@misc{Dil:web,
  title = {Dilation},
  author = {R. Fisher, S. Perkins, A. Walker and E. Wolfart},
  howpublished = {\url{http://homepages.inf.ed.ac.uk/rbf/HIPR2/dilate.htm}},
  note = {Accessed: 2013-12-01}
}

@misc{Floyd:web,
  title = {Flood Fill},
  howpublished = {\url{http://lodev.org/cgtutor/floodfill.html}},
  note = {Accessed: 2013-12-01}
}

@misc{YUV:web,
  title = {YUV Colorspace},
  howpublished = {\url{http://softpixel.com/~cwright/programming/colorspace/yuv/}},
  note = {Accessed: 2013-12-01}
}

@misc{Mirzaian:AofUF:web,
  title = {Advanced  Data Structures. Lecture Notes: ANALYSIS OF THE UNION-FIND ALGORITHM},
  author = {Andranik Mirzaian},
  howpublished = {\url{http://www.cse.yorku.ca/~andy/courses/4101/lecture-notes/LN6.pdf}},
  note = {Accessed: 2013-12-06}
}

@incollection{UF:proof2,
  year={2005},
  isbn={978-3-540-27580-0},
  booktitle={Automata, Languages and Programming},
  volume={3580},
  series={Lecture Notes in Computer Science},
  title={Union-Find with Constant Time Deletions},
  url={http://dx.doi.org/10.1007/11523468_7},
  publisher={Springer Berlin Heidelberg},
  author={Alstrup, Stephen and Gortz, Inge and Rauhe},
  pages={78-89},
}

@article{Cordeiro:2012:Minkowski,
  title = "Minkowski metric, feature weighting and anomalous cluster initializing in K-Means clustering ",
  journal = "Pattern Recognition ",
  volume = "45",
  number = "3",
  pages = "1061 - 1075",
  year = "2012",
  note = "",
  issn = "0031-3203",
  author = "Renato Cordeiro de Amorim and Boris Mirkin",
}

@misc{Devillard:FMS:web,
  title = {Fast median search},
  author = {Nicolas Devillard},
  howpublished = {\url{http://ndevilla.free.fr/median/median.pdf}},
  note = {Retrieved: October 2004}
}

@INPROCEEDINGS{Epshtein:SWT:2010,
author={Epshtein, B. and Ofek, E. and Wexler, Y.},
booktitle={Computer Vision and Pattern Recognition (CVPR), 2010 IEEE Conference on},
title={Detecting text in natural scenes with stroke width transform},
year={2010},
pages={2963-2970},
keywords={image processing;text analysis;image operator;image pixel;natural images;natural scenes;stroke width transform;text detection;Colored noise;Computer vision;Engines;Filter bank;Geometry;Image segmentation;Layout;Optical character recognition software;Pixel;Robustness},
doi={10.1109/CVPR.2010.5540041},
ISSN={1063-6919},
}

@misc{Saurav:SWT:2010,
author = {Saurav Kumar and Andrew Perrault},
title = {Text Detection on Nokia N9000 Using Stroke Width Transform},
year = {2010}
}

@misc{ICDAR:web,
  title = {ICDAR 2013},
  author = {ICDAR},
  howpublished = {\url{http://www.icdar2013.org/}},
  note = {Accessed: November 2013}
}

@misc{GRAY7:web,
  title = {Seven grayscale conversion algorithms},
  author = {Tanner Helland},
  howpublished = {\url{http://www.tannerhelland.com/3643/}},
  note = {Accessed: October 2013}
}

@misc{GRAYused:web,
  title = {ARM NEON Optimization. An Example},
  author = {Nils Pipenbrinck},
  howpublished = {\url{http://hilbert-space.de/?p=22}},
  note = {Accessed: November 2013}
}

@misc{Sappear:web,
  title = {SappeAR},
  author = {Sappear},
  howpublished = {\url{http://sappear.com/}},
  note = {Accessed: December 2013}
}

@misc{Eugene:Color,
  title = {Color conversion algorithms},
  author = {Eugene Vishnevsky},
  howpublished = {\url{http://www.cs.rit.edu/~ncs/color/t_convert.html}},
  note = {Accessed: October 2013}
}

@inproceedings{li:2012:scene,
  title={Scene text detection via stroke width},
  author={Li, Yao and Lu, Huchuan},
  booktitle={Pattern Recognition (ICPR), 2012 21st International Conference on},
  pages={681--684},
  year={2012},
  organization={IEEE}
}

@article{Biswas:2010:IsoCovers,
  title={Construction of isothetic covers of a digital object: A combinatorial approach},
  author={Biswas, Arindam and Bhowmick, Partha and Bhattacharya, Bhargab B},
  journal={Journal of Visual Communication and Image Representation},
  volume={21},
  number={4},
  pages={295--310},
  year={2010},
  publisher={Elsevier}
}

@article{Davis:1975:SuED,
	author = "Davis, Larry S.",
	doi = "10.1016/0146-664X(75)90012-X",
	issn = "0146-664X",
	journal = "Computer Graphics and Image Processing",
	number = "3",
	pages = "248--270",
	title = "{A survey of edge detection techniques}",
	url = "http://www.sciencedirect.com/science/article/pii/0146664X7590012X",
	volume = "4",
	year = "1975"
}

@article{senthilkumaran:2009:EDforIS,
	author = "Senthilkumaran, N and Rajesh, R",
	journal = "International Journal of Recent Trends in Engineering",
	number = "2",
	pages = "250--254",
	title = "{Edge detection techniques for image segmentation--a survey of soft computing approaches}",
	volume = "1",
	year = "2009"
}

@book{Gonzalez:2000:PID,
	author = "Gonzalez, R. C. and Woods, R. E.",
	citeulike-article-id = "1851054",
	keywords = "bibtex-import",
	posted-at = "2007-11-01 13:26:48",
	priority = "2",
	publisher = "Edgard Blucher",
	title = "{Processamento de Imagens Digitais}",
	year = "2000"
}

@book{Marques:1999:PDI,
	author = "Filho, Og{\^e} Marques and Neto, Hugo Vieira",
	publisher = "Brassport",
	title = "{Processamento digital de imagens}",
	year = "1999"
}

@book{Castleman:1996:DIP,
	address = "Upper Saddle River, NJ, USA",
	author = "Castleman, Kenneth R.",
	isbn = "0-13-211467-4",
	publisher = "Prentice Hall Press",
	title = "{Digital Image Processing}",
	year = "1996"
}

@book{Harley:1993:HandBook,
	author = "Myler, Harley R. and Weeks, Arthur R.",
	publisher = "Prentice Hall",
	title = "{The pocket handbook of image processing algorithms in C}",
	year = "1993"
}
